@Book{knuth:84,
  author = 	 {Donald E. Knuth},
  title = 	 {The {\TeX} Book},
  publisher = 	 {Addison-Wesley},
  year = 	 {1984},
  edition = 	 {15th}
}

@InCollection{boulic:91,
  author = 	 {R. Boulic and O. Renault},
  title = 	 {3D Hierarchies for Animation},
  booktitle = 	 {New Trends in Animation and Visualization},
  publisher =    {John Wiley {\&} Sons ltd.},
  year = 	 {1991},
  editor = 	 {Nadia Magnenat-Thalmann and Daniel Thalmann}
}

@InCollection{smith:99,
  author = 	 {A. Smith and B. Jones},
  title = 	 {On the Complexity of Computing},
  booktitle = 	 {Advances in Computer Science},
  pages = 	 {555--566},
  publisher =    {Publishing Press},
  year = 	 {1999},
  editor = 	 {A. B. Smith-Jones}
}

@article{article,
author = {Vicente Santos, Auderi and De G\'oes, Emerson and Miranda, Fernando and Freitas, Gustavo and Almir De Sena, Jos\'e and Robinson, Ney and Dos Reis, Salvi and Eduardo, Pedro and Panta, Gonz\'ales and Carvalho Ferreira, Rodrigo and Curty Cerqueira, R\^{o}mulo},
year = {2017},
month = {12},
pages = {},
title = {Rob\^{o} Ambiental H\'ibrido: um novo conceito em locomo\c{c}\~ao e monitoramento de \'areas in\'ospitas na floresta amaz\^onica}
}


@online{Nasa:17,
  author = {NASA},
  title = {Curiosity Overview},
  year = 2017,
  url = {https://www.nasa.gov/mission_pages/msl/overview/index.html},
  urldate = {2019-02-13}
}

@online{ROBOCUP:17,
  author = {ROBOCUP},
  title = {ROBOCUP About},
  year = 2017,
  url = {http://www.robocup.org/objective},
  urldate = {2019-02-13}
}

@online{Google:19,
  author = {Google},
  title = {Just press go: designing a self-driving vehicle},
  year = 2019,
  url = {https://googleblog.blogspot.com.br/2014/05/just-press-go-designing-self-driving.html},
  urldate = {2019-02-13}
}

@online{Tiago:19,
  author = {Tiago Agostinho de Almeida},
  title = {M\'etodo do Subgradiente para a Resolu\c{c}\~ao da Relaxa\c{c}\~ao Lagrangeana do Problema do Caixeiro Viajante Sim\'etrico},
  year = 2019,
  url = {http://www.dt.fee.unicamp.br/~tiago/courses/otimizacao_combinatoria/Trab1-subgradiente.pdf},
  urldate = {2019-02-13}
}

@online{Wikipedia:19,
  author = {Wikipedia},
  title = {Wikipedia},
  year = 2019,
  url = {https://en.wikipedia.org/wiki/Travelling_salesman_problem},
  urldate = {2019-02-13}
}

@article{doi:10.1287/opre.28.3.694,
author = {B. Golden and L. Bodin and T. Doyle and W. Stewart, Jr.},
title = {Approximate Traveling Salesman Algorithms},
journal = {Operations Research},
volume = {28},
number = {3-part-ii},
pages = {694-711},
year = {1980},
doi = {10.1287/opre.28.3.694},

URL = { 
        https://doi.org/10.1287/opre.28.3.694
    
},
eprint = { 
        https://doi.org/10.1287/opre.28.3.694
    
}
,
    abstract = { There have been a multitude of heuristic algorithms proposed for the solution of large scale traveling salesman problems. Our intent in this paper is to examine some of these well known heuristics, to introduce some new heuristics, and to compare these approximate techniques on the basis of efficiency and accuracy. We emphasize the strengths and weaknesses of each algorithm tested. One of our major conclusions is that it is not difficult to get within 2â€“3\% of optimality using a composite heuristic which requires on the order of n3 computations where n is the number of nodes in the network. }
}

@inproceedings{Singh2013StudyOV,
  title={Study of Variation in TSP using Genetic Algorithm and Its Operator Comparison},
  author={Shalini Singh and Ejaz Aslam Lodhi},
  year={2013}
}

@article{Jonker:1986:TAS:2309686.2309819,
 author = {Jonker, Roy and Volgenant, Ton},
 title = {Transforming Asymmetric into Symmetric Traveling Salesman Problems: Erratum},
 journal = {Oper. Res. Lett.},
 issue_date = {October, 1986},
 volume = {5},
 number = {4},
 month = oct,
 year = {1986},
 issn = {0167-6377},
 pages = {215--216},
 numpages = {2},
 url = {http://dx.doi.org/10.1016/0167-6377(86)90081-7},
 doi = {10.1016/0167-6377(86)90081-7},
 acmid = {2309819},
 publisher = {Elsevier Science Publishers B. V.},
 address = {Amsterdam, The Netherlands, The Netherlands},
 keywords = {traveling salesman problem},
} 

@book{book:1613056,
   title =     {Genetic Algorithm Essentials},
   author =    {Oliver Kramer},
   publisher = {Springer},
   isbn =      {978-3-319-52156-5},
   year =      {2017},
   series =    {},
   edition =   {},
   volume =    {},
   url =       {http://gen.lib.rus.ec/book/index.php?md5=87E9DED968D2D27BDF52BADF5E955A19}}
   
@book{book:54924,
   title =     {Artificial Intelligence Illuminated},
   author =    {Ben Coppin},
   publisher = {Jones and Bartlett Publishers},
   isbn =      {0763732303,9780763732301},
   year =      {2004},
   series =    {},
   edition =   {1st ed},
   volume =    {},
   url =       {http://gen.lib.rus.ec/book/index.php?md5=F6F84D720A9EA946318F557252EDEC04}
}

@book{book:1176457,
   title =     {Genetic Algorithms in Search, Optimization, and Machine Learning},
   author =    {David E. Goldberg},
   publisher = {Addison-Wesley Professional},
   isbn =      {0201157675,9780201157673},
   year =      {1989},
   series =    {},
   edition =   {1},
   volume =    {},
   url =       {http://gen.lib.rus.ec/book/index.php?md5=8ac0783ba24b71236b695cbdfab2ca67}
}

@online{raspberry,
  author = {Raspberry},
  title = {Raspberry Pi - Teach, Learn, and Make with Raspberry Pi},
  year = 2019,
  url = {https://www.raspberrypi.org/},
  urldate = {2017-12-21}
}

@online{orangepi:Orange,
  author = {Orangepi},
  title = {orange pi one-Orangepi},
  year = 2017,
  url = {http://www.orangepi.org/orangepione/},
  urldate = {2017-12-21}
}

@online{orangepi:Eric,
  author = {Eric Brown},
  title = {\$10 Orange Pi One pits quad-core Cortex-A7 against Pi Zero},
  year = 2016,
  url = {http://linuxgizmos.com/10-dollar-orange-pi-one-pits-quad-core-cortex-a7-against-pi-zero/},
  urldate = {2016-01-29}
}

@online{adafruit:Tony,
  author = {Tony DiCola},
  title = {Power Usage},
  year = 2014,
  url = {https://learn.adafruit.com/embedded-linux-board-comparison/power-usage},
  urldate = {2015-05-04}
}


@online{allaboutcircuits:Robin,
  author = {Robin Mitchell},
  title = {Battle of the SBCs: BeagleBone Black, Raspberry Pi 3, and ASUS Tinker Board},
  year = 2017,
  url = {https://www.allaboutcircuits.com/news/single-board-computer-beaglebone-black-raspberry-pi-3-asus-tinker-board/},
  urldate = {2017-08-02}
}

@online{BeagleBoard,
  author = {BeagleBoard},
  title = {BeagleBoneBlack},
  year = 2017,
  url = {https://elinux.org/Beagleboard:BeagleBoneBlack},
  urldate = {2017-08-02}
}

@Misc{Numpy,
  author =    {Eric Jones and Travis Oliphant and Pearu Peterson and others},
  title =     {{SciPy}: Open source scientific tools for {Python}},
  year =      {2001--},
  url = "http://www.scipy.org/",
  note = {[Online; accessed 2017-12-21]}
}


@article{TABILE2011,
	title = {{Design and development of the architecture of an agricultural mobile robot}},
	journal = {{Engenharia Agr\'icola}},
	author={Tabile, Rubens A AND Godoy, Eduardo P AND Pereira, Robson R. D AND Tangerino, Giovana T AND Porto, Arthur J. V AND Inamasu, Ricardo Y},
	ISSN = {0100-6916},
	language = {en},
	URL = {http://www.scielo.br/scielo.php?script=sci_arttext&pid=S0100-69162011000100013&nrm=iso},
	volume = {31},
	year = {2011},
	month = {02},
	pages = {130 - 142},
	publisher = {scielo},
	crossref = {10.1590/S0100-69162011000100013},
}


@online{Python,
  author = {Python},
  title = {Python},
  year = 2019,
  url = {https://www.python.org/},
  urldate = {2019-02-13}
}

@online{IEEE,
  author = {STEPHEN CASS},
  title = {The 2018 Top Programming Languages},
  year = 2018,
  url = {https://spectrum.ieee.org/at-work/innovation/the-2018-top-programming-languages},
  urldate = {2019-02-13}
}

@book{Martello:1990:KPA:98124,
 author = {Martello, Silvano and Toth, Paolo},
 title = {Knapsack Problems: Algorithms and Computer Implementations},
 year = {1990},
 isbn = {0-471-92420-2},
 publisher = {John Wiley \& Sons, Inc.},
 address = {New York, NY, USA},
} 

@article{MARQUES2002,
   title = {{O Problema da mochila compartimentada e aplica\~A\S\~A\mues}},
   journal = {{Pesquisa Operacional}},
   author={Marques, Fabiano do Prado AND Arenales, Marcos Nereu},
   ISSN = {0101-7438},
   language = {pt},
   URL = {http://www.scielo.br/scielo.php?script=sci_arttext&pid=S0101-74382002000300001&nrm=iso},
   volume = {22},
   year = {2002},
   month = {07},
   pages = {285 - 304},
   publisher = {scielo},
   crossref = {10.1590/S0101-74382002000300001},
   }
   
@online{MS777,
	author = {Carvalho, Rubens},
	title = {Problema da Mochila},
	year = 2015,
	url = {http://www.ime.unicamp.br/~eabreu/Projeto/RubensCarvalhoRA122181-MS777.pdf},
	urldate = {2019-02-13}
}

@book{book:946517,
   title =     {Knapsack Problems},
   author =    {Prof. Hans Kellerer, Prof. Ulrich Pferschy, Prof. David Pisinger (auth.)},
   publisher = {Springer-Verlag Berlin Heidelberg},
   isbn =      {978-3-642-07311-3,978-3-540-24777-7},
   year =      {2004},
   series =    {},
   edition =   {1},
   volume =    {},
   url =       {http://gen.lib.rus.ec/book/index.php?md5=e23af0edf23b0ed80d406de6cf0dedd6}
}

@article{article:Hassanat,
author = {Hassanat, Ahmad and Alkafaween, Esra'a and Alnawaiseh, Nedal and Abbadi, Mohammad and Alkasassbeh, Mouhammd and Alhasanat, Mahmoud},
year = {2016},
month = {09},
pages = {785-801},
title = {Enhancing Genetic Algorithms using Multi Mutations: Experimental Results on the Travelling Salesman Problem},
volume = {14},
journal = {International Journal of Computer Science and Information Security}
}